@inproceedings{Jin:2004:IPS:1005686.1005694,
 author = {Jin, Wei and Chase, Jeffrey S. and Kaur, Jasleen},
 title = {Interposed Proportional Sharing for a Storage Service Utility},
 booktitle = {Proceedings of the Joint International Conference on Measurement and Modeling of Computer Systems},
 series = {SIGMETRICS '04/Performance '04},
 year = {2004},
 isbn = {1-58113-873-3},
 location = {New York, NY, USA},
 pages = {37--48},
 numpages = {12},
 url = {http://doi.acm.org/10.1145/1005686.1005694},
 doi = {10.1145/1005686.1005694},
 acmid = {1005694},
 publisher = {ACM},
 address = {New York, NY, USA},
 keywords = {differentiated service, fair sharing, multiprocessor scheduling, performance isolation, proportional sharing, quality of service, storage services, utility computing, weighted fair queuing},
} 